@online{cornelluni,
    author  = {{Cornell University}},
    title   = {Lecture 15: More on page replacement},
    url     = {https://www.cs.cornell.edu/courses/cs4410/2018su/lectures/lec15-thrashing.html#:~:text=%5E-,clock,bits%20it%20passes%20are%20cleared.},
}
@online{ostep2018,
  author  = {Remzi H. Arpaci-Dusseau and Andrea C. Arpaci-Dusseau},
  title   = {Operating Systems: Three Easy Pieces},
  year    = {2014},
  url     = {http://pages.cs.wisc.edu/~remzi/OSTEP/},
}
@online{kentstate_paired,
    author  = {{Kent State University Libraries}},
    title   = {SPSS: Paired Samples t-test},
    year    = {n.d.},
    url     = {https://libguides.library.kent.edu/spss/pairedsamplesttest},
    note    = {Accessed: 2025-09-28}
}
@online{psu_paired,
  author  = {{Eberly College of Science, The Pennsylvania State University}},
  title   = {10.3 - Paired T-Test},
  url     = {https://online.stat.psu.edu/stat415/lesson/10/10.3},
}